
@article{AcemogluJohnsonRobinson01,
	Author = {Daron Acemoglu and Simon Johnson and James A. Robinson},
	Journal = {The American Economic Review},
	Month = dec,
	Number = {5},
	Pages = {1369-1401},
	Title = {The Colonial Origins of Comparative Development: An Empirical Investigation},
	Volume = {91},
	Year = {2001}}

@article{Albouy12,
	Author = {David Y. Albouy},
	Journal = {American Economic Review},
	Number = {6},
	Pages = {3059-3076},
	Title = {The Colonial Origins of Comparative Development: An Investigation of the Settler Mortality Data},
	Volume = {102},
	Year = {2012}}

@book{Arbuckle10,
	Address = {Birmingham, UK},
	Author = {Daniel Arbuckle},
	Publisher = {Packt Publishing},
	Title = {Python Testing: Beginner's Guide},
	Year = {2010}}

@article{Baiocchi07,
	Author = {Baiocchi, Giovanni},
	Journal = {Computational Economics},
	Month = {August},
	Number = {1},
	Pages = {19-40},
	Title = {Reproducible research in computational economics: guidelines, integrated approaches, and open source software},
	Volume = {30},
	Year = {2007}}

@article{Barnes10,
	Author = {Nick Barnes},
	Journal = {Nature},
	Month = {October},
	Pages = {753},
	Title = {Publish Your Computer Code: It is Good Enough},
	Volume = {467},
	Year = {2010}}

@book{Barr04,
	Author = {Adam Barr},
	Publisher = {Addison Wesley},
	Title = {Find the Bug. A Book of Incorrect Programs},
	Year = {2004}}

@unpublished{Brandl10,
	Author = {Georg Brandl},
	Month = {July},
	Note = {Available at \url{http://sphinx.pocoo.org/}},
	Title = {Sphinx Documentation},
	Year = {2010}}

@book{CampbellEtAl09,
	Author = {Jennifer Campbell and Paul Gries and Jason Montojo and Gregory V. Wilson},
	Editor = {Daniel H. Steinberg},
	Publisher = {The Pragmatic Programmers},
	Series = {Practical Programming},
	Title = {An Introduction to Computer Science Using {Python}},
	Year = {2009}}

@article{DewaldThursbyAnderson86,
	Author = {William G. Dewald and Jerry G. Thursby and Richard G. Anderson},
	Journal = {The American Economic Review},
	Month = sep,
	Number = {4},
	Pages = {587-603},
	Title = {Replication in Empirical Economics: The Journal of Money, Credit and Banking Project},
	Volume = {76},
	Year = {1986}}

@book{Doar05,
	Address = {Sebastopol, {CA, USA}},
	Author = {Matthew B. Doar},
	Publisher = {O'Reilly Media},
	Title = {Practical Development Environments},
	Year = {2005}}

@article{Dubois05,
	Author = {Paul F. Dubois},
	Journal = {Computing in Science \& Engineering},
	Number = {3},
	Pages = {80-85},
	Title = {Maintaining correctness in scientific programs},
	Volume = {7},
	Year = {2005}}

@article{FomelHennenfent07,
	Author = {Sergey Fomel and Gilles Hennenfent},
	Journal = {IEEE International Conference on Acoustics, Speech and Signal Processing, 2007. ICASSP 2007.},
	Pages = {IV1257-IV1260},
	Title = {Reproducible computational experiments using {SCons}},
	Volume = {4},
	Year = {2007}}

@book{FreemanPryce10,
	Address = {Boston, MA, USA},
	Author = {Steve Freeman and Nat Pryce},
	Publisher = {Addison Wesley},
	Title = {Growing Object-Oriented Software, Guided by Tests},
	Year = {2010}}

@book{Friedl06,
	Author = {Jeffrey E. F. Friedl},
	Edition = {3},
	Publisher = {O'Reilly Media},
	Title = {Mastering Regular Expressions},
	Year = {2006}}

@unpublished{GaudeckerEconProjectTemplates,
	Author = {Hans-Martin von Gaudecker},
	Note = {\url{https://doi.org/10.5281/zenodo.2533241}},
	Title = {Templates for Reproducible Research Projects in Economics},
	Year = {2019}}

@article{GaudeckerSoestWengstrom11prefhet,
	Author = {Hans-Martin von Gaudecker and Arthur van Soest and Erik Wengstr√∂m},
	Journal = {American Economic Review},
	Month = {April},
	Number = {2},
	Pages = {664-694},
	Title = {Heterogeneity in Risky Choice Behaviour in a Broad Population},
	Volume = {101},
	Year = {2011}}

@article{Hoxby00,
	Author = {Caroline M. Hoxby},
	Journal = {The American Economic Review},
	Month = dec,
	Number = {5},
	Pages = {1209-1238},
	Title = {Does Competition among Public Schools Benefit Students and Taxpayers?},
	Volume = {90},
	Year = {2000}}

@article{Hoxby07,
	Author = {Caroline M. Hoxby},
	Journal = {The American Economic Review},
	Month = dec,
	Number = {5},
	Pages = {2038-2055},
	Title = {Does Competition Among Public Schools Benefit Students and Taxpayers? {Reply}},
	Volume = {97},
	Year = {2007}}

@article{InceHattonGraham12,
	Author = {Darrel C. Ince and Leslie Hatton and John Graham-Cumming},
	Journal = {Nature},
	Month = {Februar},
	Number = {7386},
	Pages = {485-488},
	Title = {The Case for Open Computer Programs},
	Volume = {482},
	Year = {2012}}

@article{KellyHookSanders09,
	Author = {Diane Kelly and D. Hook and Rebecca Sanders},
	Journal = {Computing in Science \& Engineering},
	Number = {5},
	Pages = {48-53},
	Title = {Five Recommended Practices for Computational Scientists Who Write Software},
	Volume = {11},
	Year = {2009}}

@unpublished{KellySanders08,
	Author = {Diane Kelly and Rebecca Sanders},
	Month = {May},
	Note = {Paper presented at the First International Workshop on Software Engineering for Computational Science and Engineering, {Leipzig, Germany}},
	Title = {Assessing the Quality of Scientific Software},
	Year = {2008}}

@article{King95,
	Author = {Gary King},
	Journal = {{PS:} Political Science and Politics},
	Month = sep,
	Number = {3},
	Pages = {444-452},
	Title = {Replication, Replication},
	Volume = {28},
	Year = {1995}}

@article{KleiberZeileis10,
	Author = {Christian Kleiber and Achim Zeileis},
	Journal = {German Economic Review},
	Number = {4},
	Pages = {404-417},
	Title = {The Grunfeld Data at 50},
	Volume = {11},
	Year = {2010}}

@article{KoenkerZeileis09,
	Author = {Roger Koenker and Achim Zeileis},
	Journal = {Journal of Applied Econometrics},
	Number = {5},
	Pages = {833-847},
	Title = {On Reproducible Econometric Research},
	Volume = {24},
	Year = {2009}}

@article{Koepke11,
	Author = {Hoyt Koepke},
	Journal = {Hacker Monthly},
	Title = {Why Python Rocks for Research},
	Volume = {8},
	Year = {2011}}

@book{KopkaDaly04,
	Author = {Helmut Kopka and Patrick W. Daly},
	Edition = {4},
	Publisher = {Addison Wesley / Pearson Education},
	Title = {Guide to \LaTeX},
	Year = {2004}}

@book{Langtangen08,
	Address = {Berlin and Heidelberg, Germany},
	Author = {Hans Petter Langtangen},
	Edition = {3},
	Publisher = {Springer},
	Title = {Python Scripting for Computational Science},
	Year = {2008}}

@book{Langtangen09,
	Address = {Berlin and Heidelberg, {Germany}},
	Author = {Hans Petter Langtangen},
	Publisher = {Springer},
	Title = {A Primer on Scientific Programming with Python},
	Year = {2009}}

@article{LeClere10,
	Author = {Felicia {LeClere}},
	Journal = {The Chronicle of Higher Education},
	Month = {3 August},
	Title = {Too Many Researchers Are Reluctant to Share Their Data},
	Year = {2010}}

@article{Levitt02,
	Author = {Steven D. Levitt},
	Journal = {The American Economic Review},
	Month = sep,
	Number = {4},
	Pages = {1244-1250},
	Title = {Using Electoral Cycles in Police Hiring to Estimate the Effects of Police on Crime: Reply},
	Volume = {92},
	Year = {2002}}

@article{Levitt97,
	Author = {Steven D. Levitt},
	Journal = {The American Economic Review},
	Month = jun,
	Number = {3},
	Pages = {270-290},
	Title = {Using Electoral Cycles in Police Hiring to Estimate the Effect of Police on Crime},
	Volume = {87},
	Year = {1997}}

@article{Loong07,
	Author = {Theresa Song Loong},
	Journal = {The {Prac\TeX} Journal},
	Number = {3},
	Title = {The Beginner's Forest of {\LaTeX}},
	Year = {2007}}

@book{Lutz07,
	Author = {Mark Lutz},
	Edition = {3},
	Publisher = {O'Reilly Media},
	Title = {Learning Python},
	Year = {2007}}

@article{McCrary02,
	Author = {Justin {McCrary}},
	Journal = {The American Economic Review},
	Month = sep,
	Number = {4},
	Pages = {1236-1243},
	Title = {Using Electoral Cycles in Police Hiring to Estimate the Effect of Police on Crime: Comment},
	Volume = {92},
	Year = {2002}}

@article{McCullough07,
	Author = {B. D. {McCullough}},
	Journal = {Econ Journal Watch},
	Month = {September},
	Number = {3},
	Pages = {326-337},
	Title = {Got Replicability? {The} \emph{Journal of Money, Credit and Banking Archive}},
	Volume = {4},
	Year = {2007}}

@article{McCullough08,
	Author = {B. D. {McCullough}},
	Journal = {Computational Statistics \& Data Analysis},
	Month = jun,
	Number = {10},
	Pages = {4568-4569},
	Title = {Special section on {Microsoft Excel 2007}},
	Volume = {52},
	Year = {2008}}

@article{McCullough09,
	Author = {B. D. {McCullough}},
	Journal = {Economic Analysis \& Policy},
	Month = {March},
	Number = {1},
	Pages = {117-126},
	Title = {Open Access Economics Journals and the Market for Reproducible Economic Research},
	Volume = {39},
	Year = {2009}}

@article{McCulloughVinod03,
	Author = {B. D. {McCullough} and Hrishikesh D. Vinod},
	Journal = {American Economic Review},
	Month = {June},
	Number = {3},
	Pages = {873-892},
	Title = {Verifying the Solution from a Nonlinear Solver: A Case Study},
	Volume = {93},
	Year = {2003}}

@article{Merali10,
	Author = {Zeeya Merali},
	Journal = {Nature},
	Pages = {775-777},
	Title = {Computational science: ...Error},
	Volume = {467},
	Year = {2010}}

@book{Nagy13,
	Author = {Thomas Nagy},
	Publisher = {Available at \url{http://code.google.com/p/waf/}},
	Title = {The Waf Book},
	Year = {2013}}

@article{Panko98,
	Author = {Raymond R. Panko},
	Journal = {Journal of End User Computing},
	Month = {Spring},
	Number = {2},
	Pages = {15-21},
	Title = {What We Know About Spreadsheet Errors},
	Volume = {10},
	Year = {1998/2008}}

@article{Rothstein07comment,
	Author = {Jesse Rothstein},
	Journal = {American Economic Review},
	Month = {December},
	Number = {5},
	Pages = {2026-2037},
	Title = {Does Competition Among Public Schools Benefit Students and Taxpayers? {Comment}},
	Volume = {97},
	Year = {2007}}

@unpublished{Rothstein07rejoinder,
	Author = {Jesse Rothstein},
	Month = {November},
	Note = {Available at \url{http://gsppi.berkeley.edu/faculty/jrothstein/hoxby/rejoinder.pdf}},
	Title = {Rejoinder to {Hoxby}},
	Year = {2007}}

@article{Schelling69,
	Author = {Thomas C. Schelling},
	Journal = {The American Economic Review},
	Number = {2},
	Pages = {488-493},
	Title = {Models of Segregation},
	Volume = {59},
	Year = {1969}}

@unpublished{Segal08,
	Author = {Judith Segal},
	Month = {September},
	Note = {Proceedings of the Psychology of Programming Interest Group, {University of Lancaster, UK}},
	Title = {Scientists and Software Engineers: A Tale of Two Cultures.},
	Year = {2008}}

@book{Sink11,
	Address = {Champaign, Illinois},
	Author = {Eric Sink},
	Publisher = {Pyrenean Gold Press},
	Title = {Version Control by Example},
	Year = {2011}}

@unpublished{StachurskiSargent13,
	Author = {John Stachurski and Thomas J. Sargent},
	Note = {{Available at \url{http://quant-econ.net/index.html}}},
	Title = {Quantitative Economics},
	Year = {2013}}

@unpublished{Verfaille08,
	Author = {Vincent Verfaille},
	Month = {January},
	Note = {Available at \url{http://www.cirmmt.mcgill.ca/activities/workshops/training/latex/details/pdf-slides}},
	Title = {{\LaTeX} workshop for advanced users... or at least not beginners!},
	Year = {2008}}

@book{Wilson05,
	Author = {Gregory V. Wilson},
	Publisher = {The Pragmatic Programmers},
	Title = {Data Crunching},
	Year = {2005}}

@article{Wilson06,
	Author = {Gregory V. Wilson},
	Journal = {American Scientist},
	Month = {January--February},
	Number = {1},
	Pages = {5-6},
	Title = {Where's the Real Bottleneck in Scientific Computing?},
	Volume = {94},
	Year = {2006}}

@unpublished{WilsonEtAl12,
	Author = {Gregory V. Wilson and D. A. Aruliah and C. Titus Brown and Neil P. Chue Hong and Matt Davis and Richard T. Guy and Steven H. D. Haddock and Katy Huff and Ian Mitchell and Mark Plumbley and Ben Waugh and Ethan P. White and Paul Wilson},
	Month = {November},
	Note = {Available at \url{http://arxiv.org/abs/1210.0530}},
	Title = {Best Practices for Scientific Computing},
	Year = {2012}}

@unpublished{WSJ05,
	Author = {{Wall Street Journal}},
	Month = {{24 October}},
	Note = {{Available at http://gsppi.berkeley.edu/faculty/jrothstein/hoxby/wsj.pdf}},
	Title = {Novel Way to Assess School Competition Stirs Academic Row},
	Year = {2005}}

@article{YaleRoundtable10,
	Author = {{Yale Law School Roundtable on Data and Code Sharing}},
	Journal = {Computing in Science and Engineering},
	Month = {September/October},
	Number = {5},
	Pages = {8-13},
	Title = {Reproducible Research: Addressing the Need for Data and Code Sharing in Computational Science},
	Volume = {12},
	Year = {2010}}

%%%%%%%%%%%%%%%%%%%%
@article{euser2008practical,
  title={A practical approach to Bland-Altman plots and variation coefficients for log transformed variables},
  author={Euser, Anne M and Dekker, Friedo W and le Cessie, Saskia},
  journal={Journal of clinical epidemiology},
  volume={61},
  number={10},
  pages={978--982},
  year={2008},
  publisher={Elsevier}
}

@article{newman1993regression,
  title={Regression analysis of log-transformed data: Statistical bias and its correction},
  author={Newman, Michael C},
  journal={Environmental Toxicology and Chemistry},
  volume={12},
  number={6},
  pages={1129--1133},
  year={1993},
  publisher={Wiley Online Library}
}


@book{fox1997applied,
  title={Applied regression analysis, linear models, and related methods.},
  author={Fox, John},
  year={1997},
  publisher={Sage Publications, Inc}
}


@misc{jain2016complete,
  title={A Complete Tutorial on Ridge and Lasso Regression in Python},
  author={Jain, A},
  year={2016}
}


@article{tibshirani1996regression,
  title={Regression shrinkage and selection via the lasso},
  author={Tibshirani, Robert},
  journal={Journal of the Royal Statistical Society: Series B (Methodological)},
  volume={58},
  number={1},
  pages={267--288},
  year={1996},
  publisher={Wiley Online Library}
}


@article{shah2017train,
  title={About Train, Validation and Test Sets in Machine Learning},
  author={Shah, Tarang},
  journal={Towards Data Science},
  year={2017}
}

@inproceedings{freund1999alternating,
  title={The alternating decision tree learning algorithm},
  author={Freund, Yoav and Mason, Llew},
  booktitle={icml},
  volume={99},
  pages={124--133},
  year={1999}
}

@article{liaw2002classification,
  title={Classification and regression by randomForest},
  author={Liaw, Andy and Wiener, Matthew and others},
  journal={R news},
  volume={2},
  number={3},
  pages={18--22},
  year={2002}
}


@article{chen2015xgboost,
  title={Xgboost: extreme gradient boosting},
  author={Chen, Tianqi and He, Tong and Benesty, Michael and Khotilovich, Vadim and Tang, Yuan},
  journal={R package version 0.4-2},
  pages={1--4},
  year={2015}
}

@inproceedings{ke2017lightgbm,
  title={Lightgbm: A highly efficient gradient boosting decision tree},
  author={Ke, Guolin and Meng, Qi and Finley, Thomas and Wang, Taifeng and Chen, Wei and Ma, Weidong and Ye, Qiwei and Liu, Tie-Yan},
  booktitle={Advances in Neural Information Processing Systems},
  pages={3146--3154},
  year={2017}
}

@inproceedings{ogutu2011comparison,
  title={A comparison of random forests, boosting and support vector machines for genomic selection},
  author={Ogutu, Joseph O and Piepho, Hans-Peter and Schulz-Streeck, Torben},
  booktitle={BMC proceedings},
  volume={5},
  number={3},
  pages={S11},
  year={2011},
  organization={BioMed Central}
}

@inproceedings{han1999efficient,
  title={Efficient mining of partial periodic patterns in time series database},
  author={Han, Jiawei and Dong, Guozhu and Yin, Yiwen},
  booktitle={Proceedings 15th International Conference on Data Engineering (Cat. No. 99CB36337)},
  pages={106--115},
  year={1999},
  organization={IEEE}
}

@article{guyon2003introduction,
  title={An introduction to variable and feature selection},
  author={Guyon, Isabelle and Elisseeff, Andr{\'e}},
  journal={Journal of machine learning research},
  volume={3},
  number={Mar},
  pages={1157--1182},
  year={2003}
}

@incollection{kira1992practical,
  title={A practical approach to feature selection},
  author={Kira, Kenji and Rendell, Larry A},
  booktitle={Machine Learning Proceedings 1992},
  pages={249--256},
  year={1992},
  publisher={Elsevier}
}


@ONLINE {Diogo:2018:Online,
author = {Diogo Menezes Borges},
title  = {Boosting with AdaBoost and Gradient Boosting},
month  = sep,
year = {2018},
url = {https://medium.com/diogo-menezes-borges/boosting-with-adaboost-and-gradient-boosting-9cbab2a1af81}
}


@ONLINE{Fabian:2016:Online,
author = {Fabian Fl√∂ck},
title = {Diagram of k-fold cross-validation with k=4},
month = sep,
year = {2016},
url = {https://en.wikipedia.org/wiki/Cross-validation_(statistics)}
}


@ONLINE{Vaibhav:2018:Online,
author = {Vaibhav Kumar},
title = {Random forests and decision trees from scratch in python},
month = oct,
year = {2018},
url = {https://towardsdatascience.com/random-forests-and-decision-trees-from-scratch-in-python-3e4fa5ae4249}
}